<collection xmlns="http://www.loc.gov/MARC21/slim">
<record>
  <leader>01312nam0a2200277 i 450 </leader>
  <controlfield tag="001">IT\ICCU\CNCE\000338</controlfield>
  <controlfield tag="005">20050822000000.0</controlfield>
  <datafield tag="012" ind1=" " ind2=" ">
    <subfield code="a">e.s. m.s. s.s. HuDu (C) 1508 (R)</subfield>
    <subfield code="2">fei</subfield>
  </datafield>
  <datafield tag="100" ind1=" " ind2=" ">
    <subfield code="a">19970101d1508        0itac0103    ba</subfield>
  </datafield>
  <datafield tag="101" ind1=" " ind2=" ">
    <subfield code="a">LAT</subfield>
  </datafield>
  <datafield tag="102" ind1=" " ind2=" ">
    <subfield code="a">IT</subfield>
  </datafield>
  <datafield tag="200" ind1="1" ind2=" ">
    <subfield code="a">℗Aesopi lepidissimi poete ℗Fabule incipiunt</subfield>
  </datafield>
  <datafield tag="210" ind1=" " ind2=" ">
    <subfield code="e">Collibus Vallistrumpie</subfield>
    <subfield code="g">per Jacobum de Fracacinis</subfield>
    <subfield code="g">\Giovanni Pietro Pezzoni!</subfield>
    <subfield code="h">die XXV Septembris 1508</subfield>
  </datafield>
  <datafield tag="215" ind1=" " ind2=" ">
    <subfield code="a">\16! c.</subfield>
    <subfield code="d">4ʻ</subfield>
  </datafield>
  <datafield tag="620" ind1=" " ind2=" ">
    <subfield code="a">IT</subfield>
    <subfield code="d">Collio</subfield>
  </datafield>
  <datafield tag="700" ind1=" " ind2="0">
    <subfield code="a">Aesopus</subfield>
    <subfield code="3">IT\ICCU\CNCA\000326</subfield>
  </datafield>
  <datafield tag="712" ind1="0" ind2="0">
    <subfield code="a">Fracassini, Giacomo</subfield>
    <subfield code="3">IT\ICCU\CNCT\000204</subfield>
    <subfield code="4">650</subfield>
  </datafield>
  <datafield tag="712" ind1="0" ind2="0">
    <subfield code="a">Pezzoni, Giovanni Pietro</subfield>
    <subfield code="3">IT\ICCU\CNCT\000687</subfield>
    <subfield code="4">650</subfield>
  </datafield>
  <datafield tag="791" ind1="0" ind2="0">
    <subfield code="a">Fracacinis, Iacobus de</subfield>
    <subfield code="3">IT\ICCU\CNCT\005688</subfield>
    <subfield code="z">Fracassini, Giacomo</subfield>
  </datafield>
  <datafield tag="791" ind1="0" ind2="0">
    <subfield code="a">Pezonus, Ioannes Petrus</subfield>
    <subfield code="3">IT\ICCU\CNCT\002507</subfield>
    <subfield code="z">Pezzoni, Giovanni Pietro</subfield>
  </datafield>
  <datafield tag="791" ind1="0" ind2="0">
    <subfield code="a">Pezoni, Giovanni Pietro</subfield>
    <subfield code="3">IT\ICCU\CNCT\005415</subfield>
    <subfield code="z">Pezzoni, Giovanni Pietro</subfield>
  </datafield>
  <datafield tag="801" ind1=" " ind2="3">
    <subfield code="a">IT</subfield>
    <subfield code="b">ICCU</subfield>
    <subfield code="c">20201113</subfield>
  </datafield>
  <datafield tag="899" ind1=" " ind2=" ">
    <subfield code="a">Biblioteca civica Queriniana. Brescia</subfield>
    <subfield code="1">BS0026</subfield>
    <subfield code="2">ZBS 01</subfield>
  </datafield>
  <datafield tag="899" ind1=" " ind2=" ">
    <subfield code="a">Biblioteca nazionale Braidense. Milano</subfield>
    <subfield code="1">MI0185</subfield>
    <subfield code="2">MIL NB</subfield>
  </datafield>
  <datafield tag="911" ind1=" " ind2=" ">
    <subfield code="a">Nel coloph.</subfield>
    <subfield code="9">IT\ICCU\CNCM\000841</subfield>
  </datafield>
  <datafield tag="921" ind1=" " ind2=" ">
    <subfield code="a">IT\ICCU\CNCM\000841</subfield>
    <subfield code="b">Aquila ad ali spiegate con gli artigli sul globo. Tra le zampe un nastro con le iniziali: Z P</subfield>
    <subfield code="c">Z114</subfield>
    <subfield code="d">Dimensioni: 4,8 x 5,6</subfield>
    <subfield code="f">AQUILA</subfield>
    <subfield code="f">GLOBO</subfield>
    <subfield code="f">ZP</subfield>
    <subfield code="g">1508-1520</subfield>
  </datafield>
</record>
</collection>
